2250 3809
373 153 594 198 uprsromauu
614 155 677 196 ma
699 154 734 196 11.
958 139 1028 202 277Ι

128 261 226 315 Cuncti
238 279 325 332 paene
337 273 434 334 patres,
446 281 480 318 ea
491 283 577 334 quum
590 262 887 333 reprehenderecooer,

130 331 211 391 Quae
223 334 312 400 gravis
324 335 453 403 Aesopus,
467 351 536 402 quae
548 335 642 386 doctus
654 335 765 387 Roscius
776 335 845 401 egit3

129 400 182 452 Vel
195 402 260 468 quia
272 403 308 454 nil
323 413 433 472 rectum,
447 405 499 457 nisi
511 402 583 472 quod
596 403 695 470 placuit
708 402 767 470 sibi,
780 401 890 470 ducunt,

129 469 181 522 Vel
196 471 261 538 quia
272 479 349 539 turpe
362 483 454 540 putant
466 489 559 540 parere
571 473 719 524 minoribus
730 480 766 537 et,
779 488 849 539 quae
1091 529 1095 534 ,

129 537 252 591 Imberbi
265 539 392 609 didicere,
405 557 485 594 senes
496 539 634 608 perdenda
646 540 731 592 lateri.
983 544 1018 594 85

130 607 194 660 Jam
208 607 306 660 Saliare
318 609 425 664 Numae
438 625 546 662 carmen
558 609 604 676 qui
617 607 716 668 laudat,
728 616 756 660 et
768 608 842 678 illud,

130 675 210 733 Quod
224 693 331 730 mecum
344 680 453 746 ignorat,
467 677 538 730 solus
550 676 606 729 vult
619 678 687 730 scire
700 677 792 746 videri,
871 723 876 730 .

131 745 251 812 lageniis
263 762 313 798 non
327 745 372 798 ille
385 746 457 799 lavet
471 746 626 815 plauditque
639 747 758 816 sepultis,

132 813 232 866 Nostra
244 813 291 866 sed
305 815 451 884 impugnat,
464 831 513 868 nos
524 824 664 882 nostraque
678 814 776 866 lividus
786 813 852 868 odit.

132 881 235 938 Quodsi
249 890 303 935 tam
317 883 403 936 Graiis
415 884 518 936 novitas
530 883 617 962 inviqa
628 883 723 936 fuisset
986 886 1020 934 90

133 950 224 1009 Quam
237 951 319 1014 nobis,
332 953 395 1020 quid
408 970 478 1006 nunc
490 960 561 1004 esset
575 953 670 1004 vetusl
706 955 762 1005 Aut
773 952 836 1020 quid
848 951 967 1022 baberet,

132 1019 211 1076 Quod
225 1021 325 1088 legeret
337 1030 487 1089 tereretque
501 1021 598 1074 'viritim
609 1020 733 1100 publicus
745 1021 828 1074 usust

132 1089 170 1142 Ut
183 1090 300 1158 primum
312 1091 404 1158 positis
415 1090 508 1157 nugari
520 1091 633 1144 Graecra
646 1089 724 1142 bellis

130 1159 229 1227 Coepit
241 1167 267 1210 et
280 1159 306 1211 in
321 1159 414 1212 vitium
426 1159 530 1212 fortuna
543 1158 626 1212 labier
637 1176 731 1228 aequa,

134 1227 215 1280 Nunc
227 1226 388 1280 athletarum
401 1228 502 1295 studiis,
517 1244 585 1280 nunc
596 1229 660 1280 arsit
673 1245 811 1298 equorum,
986 1231 1020 1280 95

80 1299 81 1302 ’
134 1296 278 1349 Marmoris
291 1305 336 1358 aut
349 1296 436 1350 eboris
449 1296 537 1348 fabros
548 1306 595 1349 aut
606 1297 677 1349 aeris
688 1299 797 1366 amavit,

135 1365 277 1434 Suspendit
290 1365 360 1434 picta
372 1365 474 1418 vultum
488 1374 662 1434 mentemque
675 1365 782 1435 tabella,

135 1437 214 1488 Nunc
227 1434 388 1502 tibioinibus,
402 1451 474 1500 nuno
485 1442 525 1486 est
537 1435 629 1502 gavisa
642 1434 789 1502 tragoedis3

135 1503 192 1556 Sub
204 1503 308 1558 nutrice
320 1503 412 1572 puella
424 1503 497 1556 velut
509 1503 532 1556 si
545 1503 650 1557 luderet
662 1501 757 1571 inians,

134 1573 213 1630 Quod
227 1571 324 1641 cupide
337 1572 421 1642 petiit,
435 1581 539 1626 mature
551 1573 632 1642 plena
643 1571 757 1638 reliquit.
927 1611 931 1616 .

134 1641 206 1698 Quid
219 1641 307 1710 placet
320 1649 365 1693 aut
377 1642 437 1693 odio
449 1650 497 1708 est,
511 1641 582 1709 quod
594 1657 645 1693 uon
659 1639 789 1694 mutabile
801 1638 916 1694 credasl

134 1711 193 1774 Hoc
205 1727 286 1779 paces
297 1709 416 1762 habuere
429 1710 513 1762 bonae
525 1711 653 1779 ventique
666 1709 786 1779 secundi,

134 1779 237 1832 Romae
249 1778 327 1831 dulce
340 1779 386 1832 diu
398 1778 448 1840 fuit
461 1787 487 1831 et
500 1779 631 1832 sollemne
643 1777 748 1831 reclusa

134 1849 220 1900 Mane
232 1847 311 1900 domo
323 1848 441 1916 vigilare,
455 1847 547 1900 clienti
558 1864 680 1917 promere
690 1846 757 1916 jura,

135 1917 235 1970 Cautes
246 1917 404 1976 nominibus*
410 1916 490 1969 rectis
502 1918 655 1985 expendere
668 1932 799 1985 nummos,
973 1919 1020 1968 too

134 1984 254 2053 Majores
265 1985 366 2054 audire,
379 1985 473 2041 minori
486 1983 583 2054 dicere,
597 2003 644 2054 per
654 2002 724 2054 quae

133 2055 261 2108 Crescere
274 2072 316 2107 res
328 2062 424 2123 posset,
438 2055 522 2106 minui
535 2054 664 2109 damnosa
676 2053 767 2108 libido.

134 2123 254 2176 Mutavit
265 2133 384 2178 mentem
397 2122 512 2192 populus
523 2121 591 2174 levis
602 2131 629 2175 et
641 2121 710 2175 calet
722 2139 775 2174 uno

972 1575 1021 1625 loo

95 2303 174 2348 -81.
191 2299 277 2348 Patres
287 2323 312 2344 =
324 2302 504 2348 senione—82.
522 2301 637 2359 Aesopus
648 2301 694 2348 and
711 2300 824 2356 Roscius,
837 2299 940 2347 the‘two
955 2306 1020 2350 most

97 2359 238 2406 celebrated
258 2359 354 2407 Roman
377 2371 465 2415 actore,
489 2358 547 2406 both
572 2361 775 2418 contemporaries
796 2359 824 2407 of
847 2359 950 2408 Cicero:
978 2360 1019 2407 the

96 2417 190 2466 fonner
204 2417 310 2465 excelled
327 2419 351 2464 in
367 2419 477 2478 tragedy.
490 2418 532 2465 the
548 2418 620 2465 letter
634 2419 659 2465 in
675 2419 865 2478 samson—ot.
882 2419 1019 2468 Minoribus
1032 2408 1050 2453 ὗ

95 2497 121 2520 =
133 2477 362 2536 ,laniatione-86.
386 2477 481 2530 Saliare
500 2476 594 2524 Numae
610 2495 710 2531 carmen,
729 2479 770 2524 the
789 2478 828 2525 old
848 2479 924 2537 hymn
939 2479 1020 2526 which

96 2549 152 2581 was
163 2550 210 2582 sun
237 2535 320 2602 hythe
331 2535 457 2592 priests-ol
467 2537 533 2585 Mara
543 2535 569 2580 in
580 2535 622 2580 the
633 2537 772 2592 processioa
780 2537 929 2595 which-they
938 2539 1023 2593 mades

96 2551 226 2652 equipped
233 2595 290 2640 with
302 2593 343 2641 the
355 2594 437 2642 secred
449 2593 547 2641 shields.
581 2591 643 2638 This
659 2593 743 2650 hymn,
757 2592 806 2640 lilre
818 2593 849 2639 ull
861 2594 952 2641 theold
964 2595 1018 2643 reli·

114 2653 170 2698 icus
181 2652 344 2708 institutiones
352 2668 403 2700 was
414 2650 524 2700 ascribed
535 2659 560 2698 to
573 2649 664 2696 Numa.
696 2649 719 2697 It
730 2665 782 2698 was
792 2651 859 2708 quite
870 2653 1018 2712 unintelligi-

96 2667 140 2758 ite
151 2721 176 2756 to
187 2709 350 2758 thellomans
362 2712 385 2759 in
397 2711 515 2758 Horace’s
527 2709 595 2761 time,
608 2707 654 2754 and
665 2723 717 2756 was
733 2709 862 2766 explained
879 2712 910 2768 by
923 2709 1020 2758 learned

106 2768 254 2828 ¹hilologiste
272 2769 296 2816 in
315 2785 388 2830 many
404 2769 515 2818 different
534 2782 610 2826 ways.
643 2766 726 2814 Hence
746 2768 864 2815 Horuce’s
881 2768 978 2816 remark
995 2770 1020 2816 in

92 2783 153 2880 fine
164 2831 282 2876 87.-88.
300 2827 428 2890 Sepultisf
444 2829 496 2876 that
512 2829 541 2881 is,
560 2827 944 2894 scriptoramqmortaorame-ffl.
964 2827 1018 2882 Na-

113 2887 161 2960 pri,
183 2891 222 2933 ‘to
241 2887 309 2934 write
329 2889 507 2954 poems.’-i?4.
529 2885 560 2934 In
578 2886 672 2940 vitium,
693 2891 758 2933 ‘roto
776 2887 837 2941 vics,
856 2885 1016 2953 effeminacy.’

96 2940 1023 3072 nmnuntiantium.-inin}armenum

96 3061 140 3108 the
152 3072 201 3109 arte
216 3063 309 3123 raprdly
320 3073 346 3112 to
357 3063 497 3123 persecttou,
510 3063 557 3110 and
568 3063 628 3109 then
642 3061 783 3109 abandoned
798 3061 873 3115 them,
886 3076 913 3106 ss
929 3059 1019 3108 achrld

96 3120 158 3168 dces
174 3137 187 3167 a
203 3121 311 3180 playthin
330 3126 430 3169 .-102.
448 3120 642 3177 Hoernemely,
655 3119 696 3166 the
712 3119 815 3177 rapidity
826 3119 853 3165 of
865 3119 906 3166 the
924 3118 1020 3167 Greeks

97 3179 253 3240 inattaining
263 3138 403 3239 perdetne.
441 3179 512 3228 Venti
522 3183 620 3228 secundi
628 3197 654 3218 =
665 3180 921 3239 mafortem-103.
939 3175 1018 3224 Rome

97 3237 159 3294 used
171 3247 196 3286 to
207 3254 261 3286 care
273 3239 330 3298 only
341 3239 376 3286 lor
387 3239 506 3286 business.
514 3261 544 3272 ·—
553 3243 602 3286 105.
622 3237 712 3284 Cautes
726 3253 830 3284 artmmoe
842 3238 968 3302 esperdere
982 3234 1025 3284 for.

96 3305 166 3344 caete
176 3314 280 3346 nummos
292 3301 425 3358 eapendere.
457 3296 556 3351 Nemeo,
569 3297 592 3343 in
604 3306 814 3353 money-matters,
826 3310 909 3342 means
918 3294 1023 3342 erthere

98 3351 166 3414 debr,
178 3361 231 3402 or‘a
241 3356 327 3403 debtor
338 3371 365 3402 or
376 3355 486 3413 creditor,
501 3357 542 3402 the
558 3370 613 3402 sum
628 3354 702 3411 being
713 3354 812 3400 marked
822 3354 845 3400 in
857 3353 899 3400 the
909 3352 1019 3400 debtor’s

98 3414 279 3478 account-book
295 3413 370 3462 under
381 3415 422 3462 the
435 3413 527 3460 ‘name'
541 3412 569 3460 of
580 3412 622 3459 the
638 3411 751 3467 creditor,
763 3412 811 3466 aud
826 3414 874 3466 uice
884 3414 961 3461 aerea.
992 3411 1020 3462 A

205 3477 238 3524 24
