2250 3809
379 162 676 208 uehementiores
694 163 798 206 naua.
875 129 878 133 ⁵
975 145 1053 208 ,3θῖ

165 275 200 330 Et
211 273 321 343 longum
334 283 394 332 noto
407 274 526 343 scriptori
538 283 660 343 prorogat
670 290 779 327 aevum.

164 343 230 396 Sunt
242 343 341 396 delicta
354 352 454 411 tamen,
467 344 565 411 quibus
577 344 709 410 ignovisse
721 342 853 396 velimus:

163 413 237 466 Nam
252 429 341 482 neque
359 412 459 466 chorda
476 429 571 466 sonum
583 412 678 481 reddit,
690 429 772 480 quem
785 411 841 466 vult
859 413 956 464 manus
972 418 1000 464 et

200 497 287 548 mens,
478 501 481 508 ·
930 508 937 516 ,

164 550 342 617 Poscentique
353 565 463 616 gravem
476 565 607 619 persaepe
619 549 729 602 remittit
741 557 859 616 acutum,

164 619 225 672 Nec
238 635 294 670 seru
315 634 344 668 er
356 618 443 681 feriet,
456 619 632 686 quodcunque
645 619 797 684 minabitur,
809 633 895 672 arcus.
1000 621 1051 669 350

164 687 267 738 Verum
280 636 326 741 uhi
338 686 414 755 plura
426 687 510 740 nitent
522 687 548 738 in
560 687 688 756 carmine,
702 704 754 740 non
767 703 817 753 ago
828 686 923 756 paucis

165 755 293 809 Offendar
304 756 425 823 meotilis,
440 773 506 824 quas
517 769 563 808 aut
575 755 676 808 incuria
688 756 756 809 fudit

166 827 221 877 Aut
233 823 351 879 humana
363 841 457 892 parum
469 825 540 877 cavit
552 833 656 876 natura.
692 794 764 884 Quid
775 840 838 892 ergo
849 824 913 878 estt

164 893 202 946 Ut
215 893 323 961 scriptor
335 893 358 945 ei
369 903 465 962 peccat
477 892 550 946 idern
563 893 685 946 librarius
697 911 790 962 nsque,

165 961 298 1019 Quamvis
310 969 350 1013 est
363 964 486 1029 monitus,
500 961 579 1014 venia
591 973 679 1030 caret;
698 971 726 1016 ut
738 961 907 1018 citharoedus
966 964 968 968 ’

165 1030 285 1098 Ridetur,
298 1029 397 1084 chorda
410 1031 455 1098 qui
467 1047 574 1098 semper
585 1029 690 1084 oberrat
701 1031 814 1084 eadem:
903 1024 910 1035 ⁸

165 1099 209 1151 Sic
222 1099 296 1166 mihi,
308 1099 355 1168 qui
367 1099 484 1154 multum
496 1109 594 1158 cessat,
606 1100 636 1152 tit
648 1101 787 1154 Choerilus
799 1100 854 1168 ille,

166 1167 254 1226 Quem
268 1167 311 1221 bis
323 1178 397 1221 terve
409 1167 509 1221 bonurn
522 1185 586 1222 oum
599 1170 652 1222 risu
664 1170 760 1237 miror3
778 1178 806 1223 et
818 1169 892 1224 idem

166 1237 299 1306 Indignor,
313 1237 473 1306 quandoque
486 1237 572 1290 bonus
584 1237 709 1292 dormitat
721 1239 854 1291 Homerus
859 1255 869 1307 3

165 1305 268 1359 Verum
281 1307 355 1375 operi
366 1306 443 1373 longo
455 1307 498 1358 fas
509 1315 550 1360 est
562 1307 691 1374 obrepere
703 1325 838 1362 somnum.
924 1345 931 1358 .

160 1374 204 1427 Ut
217 1375 325 1444 pictura,
338 1377 427 1444 poesis
438 1376 496 1444 erit,
510 1391 588 1443 quae,
601 1377 624 1426 si
636 1377 742 1454 propius
752 1385 815 1444 stes,

167 1444 208 1496 Te
221 1445 309 1512 capiat
321 1445 414 1513 magis,
427 1453 454 1499 et
465 1443 611 1513 quaedam,
623 1461 647 1497 sr
658 1443 762 1510 longius
773 1444 865 1497 abates
872 1459 881 1513 ;

167 1513 244 1566 Haec
255 1524 329 1566 amat
340 1513 489 1582 obscurum,
504 1511 574 1565 volet
586 1513 655 1566 haec
668 1513 719 1566 sub
731 1513 792 1566 luce
804 1513 896 1582 videri,

166 1581 272 1635 Judicis
283 1592 406 1650 argutum
419 1597 489 1651 quae
502 1599 552 1634 nou
566 1581 689 1636 formidat
700 1597 833 1649 acumen3

166 1651 244 1704 Haeo
256 1650 356 1720 placuit
368 1651 462 1716 semel,
473 1651 540 1704 haec
552 1651 646 1704 decies
657 1652 770 1720 repetita
781 1649 909 1719 plaoebit.

167 1721 191 1773 0
203 1719 287 1789 major
298 1719 436 1789 juvenum,
448 1721 574 1789 quamvis
585 1729 613 1774 et
625 1737 692 1772 voce
704 1728 814 1788 paterna

168 1786 290 1856 Fingeris
301 1789 336 1843 ad
349 1799 451 1842 rectum
463 1799 491 1844 et
503 1807 551 1859 per
562 1798 589 1843 te
602 1790 681 1858 sapie,
695 1789 746 1842 hoc
757 1789 805 1842 tibi
816 1789 920 1844 dictum

167 1857 244 1910 Tolle
256 1875 359 1911 memor
380 1860 460 1912 certis
472 1858 594 1912 medium
605 1868 632 1911 et
645 1857 782 1913 tolerabile
794 1859 874 1912 rebus

167 1928 251 1981 Recte
264 1898 375 1980 concedi
388 1929 535 1995 (consultus
545 1927 612 1997 juria
621 1937 649 1980 et
661 1936 734 1980 actor
772 1994 774 2001 Ι

168 1997 317 2049 Causarum
329 1995 473 2050 mediocris
484 1997 562 2050 abest
575 1998 671 2050 virtute
683 1997 775 2049 diserti

167 2065 322 2126 Messallae,
335 2082 385 2118 nee
397 2068 455 2136 ecit,
469 2075 598 2134 quantum
611 2065 758 2119 Cascellius
768 2063 861 2134 Aulus

168 2132 222 2187 Sed
235 2143 324 2187 tamen
337 2135 364 2188 in
377 2136 461 2204 pretio
473 2138 540 2204 esti:
560 2134 741 2188 mediocribus
752 2151 813 2188 esse
824 2134 910 2203 poetis

167 2203 229 2256 Non
241 2202 372 2273 homines,
386 2221 437 2256 non
450 2203 485 2272 di,
498 2221 550 2256 non
562 2220 719 2256 concessere
731 2204 882 2258 columnae.

167 2271 204 2326 Ut
216 2281 305 2340 gratas
316 2273 384 2326 inter
395 2289 503 2326 mensas
514 2272 676 2342 symphonia
687 2270 789 2325 discors

75 2439 88 2446 ·
131 2423 376 2478 Mersus-aumas,
392 2423 781 2483 ‘mekeemoneyfortheSoeii’
811 2423 1052 2486 SeeEpiet.i.20,2.

130 2484 216 2532 ·-·347.
238 2482 313 2530 From
334 2482 383 2530 this
404 2482 451 2529 line
473 2492 498 2529 to
520 2481 568 2530 line
589 2485 634 2530 384
655 2483 750 2530 Horace
771 2483 904 2532 illustratas
925 2483 967 2530 the
988 2481 1054 2532 trutb

131 2542 187 2589 that
209 2541 281 2589 small
306 2540 380 2588 faults
399 2555 456 2599 may
477 2542 507 2588 be
529 2540 645 2595 eaoueed,
667 2542 710 2587 but
731 2540 784 2588 thet
804 2557 820 2589 a
840 2557 912 2599 poem
932 2542 1053 2590 mediocre

131 2600 282 2660 throughout
304 2609 392 2647 cannot
418 2602 448 2647 be
470 2598 699 2646 tolerated.—349.
723 2599 833 2654 Graecei,
859 2601 1052 2648 ‘hanff-352.

130 2659 209 2708 Fudit
226 2659 302 2728 keeps
319 2669 344 2705 to
363 2658 405 2706 the
425 2657 502 2718 figure
521 2657 549 2705 of
565 2656 607 2703 the
629 2656 702 2711 blots,
723 2657 822 2711 caused,
843 2671 870 2705 ae
889 2659 907 2706 it
926 2673 999 2711 were,
1022 2659 1054 2716 by

131 2726 201 2770 some
223 2716 297 2776 liquid
313 2717 404 2775 poured
419 2717 568 2764 out-354.
579 2755 581 2761 .
593 2714 701 2777 Scriptor
718 2717 840 2768 librariae,
858 2731 873 2762 a
887 2717 954 2764 slave
969 2715 1053 2764 whose

131 2777 247 2824 business
265 2791 316 2824 was
336 2776 440 2836 copying
458 2774 544 2824 books.
582 2773 639 2822 The
657 2774 808 2822 boolrsellere
824 2774 883 2833 kept
899 2783 967 2834 great
983 2789 1052 2822 num·

131 2838 197 2884 bere.
228 2833 302 2890 Idem,
323 2845 416 2890 neuter,
433 2857 458 2880 =
474 2837 502 2882 in
519 2835 599 2882 aedem
615 2837 743 2882 ra-ssr.
762 2833 853 2888 Cesset,
874 2833 999 2892 ‘neglecte
1015 2833 1053 2882 hie

130 2894 202 2952 duty,
215 2893 301 2940 melreo
318 2892 449 2941 blunders.’
483 2893 603 2951 Compare
664 2895 699 2939 't.
711 2892 735 2940 ii.
747 2896 770 2945 2,
784 2896 819 2942 14.
853 2892 992 2941 Cleerileer
1011 2907 1053 2940 see

131 2951 212 3014 Epist.
225 2952 249 3000 ii.
260 2956 283 3032 l,
296 2955 349 3006 232,
366 2951 413 3000 end
428 2950 599 3012 following.-
621 2955 634 2997 ⁵
652 2987 657 2998 .
675 2951 719 2999 Bia
735 2960 806 3006 terve,
822 2950 861 2998 ‘in
877 2960 927 2998 two
942 2966 970 2997 or
984 2950 1052 3018 three

130 3009 1054 3135 trista,Ji{hit'fl-tteztttdttttttallfflttt

131 3127 218 3187 Major
227 3129 353 3188 jusanam,
366 3127 408 3175 the
424 3085 491 3174 sidet
506 3127 534 3174 of
549 3128 592 3175 the
608 3127 720 3181 Pisones,
733 3125 798 3192 who,
816 3141 844 3174 as
859 3136 878 3172 rt
894 3141 1004 3193 appears,
1017 3136 1052 3194 at·

130 3187 243 3244 tempted
254 3196 346 3266 poetrp.
354 3189 443 3234 -368.
464 3186 528 3234 Tolle
538 3207 563 3230 =
575 3187 674 3252 suscipe,
689 3183 762 3233 ‘take
773 3195 792 3230 rt
803 3200 844 3243 up,
857 3176 907 3232 and
915 3184 978 3242 keep
994 3193 1013 3252 rt
1029 3200 1054 3232 ru

130 3247 322 3294 remembraoee.
334 3247 417 3293 -371,
435 3245 516 3292 Aulus
529 3244 674 3295 Cascellius,
686 3257 700 3290 a
712 3243 803 3302 lawyer
814 3242 842 3290 of
853 3253 922 3302 great
934 3243 1051 3302 learning,

130 3303 268 3352 somewhet
284 3303 351 3350 older
366 3303 425 3350 then
441 3303 642 3351 Horace-373.
662 3303 797 3356 Columna,
815 3301 857 3350 the
873 3301 956 3360 pillars
971 3301 1053 3350 before

130 3362 174 3414 the
186 3361 336 3420 bookshope,
349 3377 380 3410 on
391 3361 471 3410 which
484 3362 524 3409 the
536 3377 591 3409 new
602 3361 685 3408 werke
696 3360 756 3410 used
767 3371 794 3408 to
804 3363 834 3409 be
846 3360 913 3420 hung
923 3362 1052 3419 rra-374.

130 3419 189 3471 'she
200 3419 307 3480 wealthy
319 3419 430 3468 Romane
446 3421 504 3480 kept
521 3418 607 3475 bande,
620 3419 700 3469 which
716 3418 852 3479 performed
862 3418 950 3480 hortm
960 3417 1052 3468 diener.
