2250 3809
96 144 154 204 300
397 159 426 210 a.
449 157 584 202 nonam
603 156 714 200 rnsocr

130 269 252 325 Reddere
265 268 311 340 qui
322 285 404 322 voces
415 269 471 339 jam
484 269 533 321 soit
545 285 614 338 puer
624 276 652 320 et
663 268 734 336 pede
746 278 820 322 certo

130 341 221 408 Signat
234 341 355 404 humum,
368 339 449 406 gestit
462 337 570 407 paribus
581 338 726 406 colludere,
740 348 768 391 et
780 341 850 392 iram

131 409 235 477 Colligit
247 426 280 461 ac
292 409 364 476 ponit
377 417 488 471 temere,
501 416 528 458 et
540 417 658 459 mutatur
670 410 698 460 in
710 407 796 460 horas.
871 453 873 462 .

132 479 262 530 lmberbis
274 477 380 546 juvenis
392 477 502 528 taudem
514 476 625 528 custode
638 488 739 528 remoto

131 544 236 601 Gaudet
248 547 325 615 equis
336 545 501 623 canibusque
514 556 541 597 et
552 544 636 613 aprici
648 547 769 614 gramine
782 546 889 616 Campi,

49 660 54 670 .
131 617 231 668 Cereus
242 615 270 668 in
283 615 378 667 vitium
392 615 472 682 flecti,
486 613 660 667 monitoribus
670 631 756 683 asper,

133 685 243 739 Utilium
257 683 347 736 tardus
359 683 483 752 provisor,
496 682 712 751 prodigumne,

131 753 258 807 Sublimis
270 753 438 821 cupidusque
451 762 478 802 et
489 761 581 804 amata
594 752 745 820 relinquere
757 752 859 822 pemlx.

132 823 272 876 Conversis
283 821 379 874 studiis
391 830 467 873 aetas
478 821 638 889 animusque
651 821 734 873 virilis

130 891 241 950 Quaerit
253 907 318 960 opes
329 898 357 941 et
368 891 508 951 amicitias,
522 890 632 941 inservit
645 889 744 958 honori,

131 961 302 1012 Commisisse
315 967 401 1026 cavet,
415 957 486 1028 quod
498 975 561 1011 mox
574 968 679 1010 mutare
690 959 800 1011 laboret.

131 1029 220 1082 Multa
232 1044 325 1080 senem
338 1029 551 1080 circumveniunt
564 1029 742 1097 incommoda,
755 1027 799 1079 vel
811 1028 888 1096 quod

133 1097 242 1158 Quaerit
255 1108 282 1148 et
295 1097 408 1148 inventis
419 1097 502 1149 miser
513 1096 631 1149 abstinet
642 1114 675 1147 ac
687 1099 765 1148 timet
779 1099 824 1165 uti,

130 1167 181 1217 Vel
194 1165 263 1234 quod
277 1182 320 1216 res
331 1181 426 1216 omnes
439 1165 533 1218 timide
545 1165 690 1234 gelideque
702 1167 841 1236 ministrat,

131 1235 237 1302 Dilator‚
251 1252 298 1303 spe
311 1233 354 1286 lon
376 1251 414 1303 us,
427 1233 507 1302 iners,
521 1234 687 1304 pavidusque
700 1235 789 1304 saturi,

131 1304 262 1372 Difficilis,
275 1251 411 1372 querulus,
425 1303 543 1355 laudator
556 1303 684 1372 temporis
695 1304 749 1355 acti

129 1373 163 1426 Se
194 1389 264 1441 uero,
278 1373 419 1439 castigator
431 1389 578 1440 censorque
593 1373 737 1424 minorum.

130 1391 220 1495 Multa
232 1442 319 1494 lerunt
331 1442 393 1494 anni
408 1442 547 1493 venientes
558 1441 702 1493 commoda
714 1457 815 1511 securta

131 1512 219 1564 Multa
233 1511 391 1563 recedentes
402 1510 540 1562 adimunt:
559 1527 594 1562 ne
606 1510 674 1564 forte
685 1511 786 1563 seniles

130 1579 294 1632 Mandeutur
304 1579 397 1649 juveni
409 1582 499 1648 partes
510 1595 646 1648 pueroque
659 1579 757 1632 viriles.

130 1649 241 1718 Semper
253 1651 280 1701 iu
292 1649 427 1717 adjunotis
438 1663 559 1717 aevoque
573 1649 737 1700 merebimur
749 1649 828 1718 aptis.

131 1720 185 1770 Aut
197 1719 337 1785 agitantes
349 1717 375 1770 in
388 1717 478 1769 scenis
489 1727 535 1770 aut
547 1728 609 1769 eota
621 1717 741 1770 refertur.

130 1785 244 1853 Segnius
257 1787 356 1840 irritant
369 1787 474 1839 animos
485 1786 604 1839 demissa
615 1803 663 1856 per
674 1803 776 1856 aurem,
971 1794 1022 1843 180

130 1855 217 1914 Quam
230 1872 300 1924 quae
313 1865 374 1908 sunt
386 1856 471 1908 oculis
483 1855 605 1924 subjecta
618 1855 743 1908 fidelibus
755 1867 782 1908 et
794 1872 865 1926 qaae
926 1843 939 1874 ⁸

129 1924 183 1992 Ipsi
195 1924 247 1976 sibi
260 1924 338 1977 tradit
350 1934 497 1994 spectator:
517 1941 569 1977 non
582 1926 756 1978 tameuintus

115 1993 217 2060 ‘Digna
247 1993 285 2046 eri
297 2009 404 2062 promes
417 1994 441 2046 in
455 2010 572 2061 scenam,
586 1995 725 2063 multaque
738 1994 816 2048 tolles

132 2063 173 2114 Ex
185 2011 276 2131 oculis,
290 2079 359 2132 quae
373 2080 435 2115 mox
447 2071 535 2114 narret
548 2063 674 2115 facundia
687 2081 820 2134 praesens,

130 2131 172 2184 Ne
185 2147 281 2200 pueros
293 2149 382 2185 coram
395 2131 491 2202 populo
504 2132 606 2186 Medea
617 2133 741 2201 trucidet,
968 2138 1020 2189 186

129 2203 184 2253 Aut
197 2200 315 2252 humana
327 2201 417 2268 palam
429 2211 526 2269 coquat
538 2210 600 2254 exta
612 2202 730 2254 nefarius
741 2205 848 2272 Atreus,

129 2271 184 2321 Aut
198 2269 224 2321 in
236 2285 316 2320 avem
329 2269 429 2321 Procne
442 2280 566 2338 vertatur,
580 2270 700 2324 Cadmus
710 2272 735 2323 in
748 2289 877 2338 anguem.

129 2337 314 2404 Quodcunque
326 2339 446 2390 ostendis
458 2337 525 2391 mihi
538 2340 586 2406 sio,
600 2339 754 2392 incredulus
764 2341 817 2393 odi.

128 2405 206 2459 Neve
219 2405 305 2457 minor
317 2421 369 2458 neu
381 2406 416 2460 sit
428 2407 520 2476 quinto
531 2408 682 2478 productior
692 2418 754 2462 actu

93 2637 297 2686 actiones-158.
315 2639 381 2688 Ther
393 2641 421 2696 is,
435 2640 523 2690 schild
535 2642 591 2690 who
602 2642 647 2690 has
660 2645 711 2703 just
728 2643 826 2691 learned
837 2654 863 2691 to
873 2647 951 2705 spealr
967 2649 1016 2697 and

93 2698 263 2745 wala-159.
281 2697 384 2748 Paridon
397 2703 576 2760 :aequalium
596 2702 649 2749 ‘his
664 2703 748 2760 equals'
764 2704 789 2749 in
804 2704 1014 2762 age.'-163.Gs·

94 2773 147 2804 retra
159 2757 379 2814 :facilia-164.
397 2757 508 2814 Utiliam,
526 2765 723 2819 money.-168.
738 2761 889 2810 Commiairae
903 2764 941 2811 lor
954 2781 1013 2814 cosr-

92 2817 190 2882 mitterq
225 2815 394 2870 orandam,
408 2827 464 2862 note
475 2821 596 2868 2.-172.
613 2820 661 2890 Spe
671 2823 775 2880 longas:
795 2821 813 2866 it
824 2821 846 2868 is
857 2822 898 2868 lon
932 2825 1014 2873 before

92 2873 123 2920 he
135 2875 220 2932 begins
232 2883 257 2920 to
268 2873 337 2932 hope.
345 2897 375 2907 -
386 2878 435 2922 174.
454 2875 580 2924 Minorem
591 2881 853 2938 :paniarum-175.
871 2838 928 2928 The
943 2883 1012 2930 seba-

92 2931 161 2998 lissts
173 2931 216 2980 tell
226 2947 255 2980 us
267 2933 318 2979 that
330 2933 371 2980 the
383 2934 524 2992 expression
540 2939 602 2983 anai
611 2939 710 2984 veniant
721 2951 773 2985 was
788 2939 850 2985 used
861 2939 899 2986 till
910 2940 953 2987 the
968 2958 1013 3000 age

91 2989 119 3038 of
131 2991 252 3049 lortysix,
266 2990 327 3038 alter
337 2993 388 3040 that
400 2995 659 3042 santabareni-180.
672 2995 789 3051 Deraisra,
802 2999 853 3044 teil.
862 3000 889 3045 ἐκ
901 3001 1012 3049 animam.

91 3052 181 3097 -182,
199 3051 269 3117 latas
285 3051 312 3096 d'
369 3053 423 3112 geri
429 3067 440 3104 ‚·
453 3052 512 3098 such
524 3067 551 3098 ss
562 3053 629 3101 oruel
639 3054 715 3101 deeds
730 3055 777 3102 and
794 3067 902 3103 materno
932 3060 1010 3108 boses.

92 3104 171 3159 latas.
187 3108 286 3154 ‘wtthrn
297 3116 307 3152 t
326 3125 339 3155 e
351 3109 477 3156 house.’—
486 3113 535 3156 184.
552 3111 677 3159 Facundia
687 3129 809 3172 praesens,
825 3115 884 3162 ‘the
896 3131 910 3162 e
953 3131 1010 3166 uem

91 3162 180 3228 ppeeah
197 3165 224 3210 ol
236 3165 306 3211 those
322 3167 378 3214 who
393 3167 454 3214 have
470 3183 528 3214 seen
544 3167 721 3218 them-187.
738 3171 838 3221 Praene.
871 3174 920 3221 See
970 3195 1010 3225 rar.

92 3233 123 3263 rv.
142 3223 177 3270 12,
192 3225 213 3266 6.
246 3222 300 3268 The
320 3223 413 3282 history
430 3224 457 3271 of
471 3225 579 3272 Cadmus
596 3241 647 3274 was
665 3244 680 3274 a
698 3228 815 3278 lavaurite
832 3234 930 3291 subject
952 3237 1010 3284 with

92 3274 325 3374 plurimum-189.
348 3282 402 3328 The
420 3281 516 3329 Greeks
531 3283 629 3332 divided
643 3301 718 3353 every
733 3289 817 3336 drama
832 3291 885 3337 into
900 3297 964 3354 :patr

103 3332 168 3386 lotor,
178 3333 225 3380 and
236 3335 304 3381 three
315 3338 423 3394 tunicata,
436 3340 482 3386 and
493 3341 533 3387 the
546 3343 711 3391 Alexandrian
722 3350 898 3404 grammerians
914 3314 1010 3408 aprilisiii

93 3383 142 3432 this
162 3388 262 3438 division
281 3393 436 3453 universally.
467 3399 552 3446 Hence
571 3400 612 3448 the
633 3400 751 3459 Romans,
765 3417 815 3462 too,
833 3409 945 3467 required
962 3409 1010 3460 live
