2250 3809
121 207 181 268 242
374 254 376 260 .
427 220 456 272 e
479 220 618 268 nonsart
635 221 746 268 rnaoor

156 335 293 403 ingustata
305 332 372 386 mihi
385 342 538 402 porrexerat
549 333 597 386 ilia
610 333 724 386 rhombi.

156 406 219 458 Post
232 403 283 456 hoe
295 419 339 456 me
351 401 449 472 docuit,
462 402 603 456 melimela
616 404 712 456 rubere
725 405 857 458 minorem

157 473 201 527 Ad
214 473 306 525 lunam
318 471 425 524 delecta
432 489 441 540 3
458 471 587 541 quidhoc
600 473 711 541 intersit,
724 473 759 526 ab
772 474 830 542 ipso

156 543 283 597 Audieris
293 540 401 594 melius.
436 542 508 594 Tum
520 541 646 594 Vibidius
657 541 790 596 Balatroni
801 559 807 596 :

159 613 176 644 ‘⁸'
184 613 241 664 Nos
251 611 303 664 nisi
315 611 446 664 damnose
458 610 586 678 bibimus,
600 612 746 664 moriemur
759 612 865 681 inulti,'’

158 682 193 735 Et
206 681 306 733 calices
317 679 403 748 poeeit
413 679 538 749 majores
579 679 689 734 Vertere
702 680 786 750 pallor

158 751 228 803 Tum
240 749 350 819 parochi
361 749 460 802 faeiem
473 750 512 803 nil
524 749 562 802 sie
575 751 730 818 metuentis,
744 765 773 804 ut
786 752 864 804 aeres

158 821 275 889 Potores,
288 818 333 873 ael
344 818 416 888 quod
429 819 594 872 maledicunt
607 819 724 888 liberius,
738 820 782 872 vel

158 889 272 942 Fervida
283 888 355 958 quod
367 888 466 941 subtile
477 888 622 941 exsurdant
634 889 698 941 rina
710 889 838 959 palatum.

158 960 297 1011 invertunt
308 957 437 1011 Allifanis
449 958 552 1010 vinaria
564 966 619 1010 tota

158 1027 285 1080 Vibidius
297 1027 373 1081 Balat
420 1043 464 1091 ue,
478 1026 728 1094 seerrtisomnibus5
747 1026 797 1082 imi
1022 1038 1059 1086 40

157 1097 294 1149 Convivae
307 1095 370 1148 leeti
381 1098 409 1148 ni
432 1095 498 1148 ilum
509 1111 625 1150 nocuere
638 1096 752 1163 lagenis.
889 1104 896 1120 ¹

158 1166 276 1220 Affertur
288 1165 399 1235 squillas
409 1166 480 1218 iuter
491 1181 604 1218 murena
615 1173 740 1218 natantes

159 1235 190 1288 lrr
203 1235 294 1304 patina
305 1243 435 1305 porreeta
465 1235 520 1288 Sub
531 1234 584 1287 hoo
597 1234 683 1304 herus,
696 1235 711 1266 “
719 1235 794 1288 Haeo
805 1235 948 1307 gravida,”
956 1236 1057 1306 inquit,

161 1305 271 1373 “Capta
282 1313 332 1373 est,
345 1302 462 1356 deterior
474 1313 534 1372 post
546 1312 652 1373 parturn
665 1319 745 1357 carne
758 1303 857 1356 futura.

159 1374 209 1428 His
220 1376 334 1426 mixtum
345 1373 390 1442 jus
400 1380 458 1426 est:
477 1372 545 1442 oleo,
558 1372 628 1452 quod
642 1375 729 1442 prima
740 1373 850 1426 Venafri
1020 1382 1056 1428 45

159 1443 259 1496 Pressit
272 1443 359 1509 cella,
376 1458 441 1510 garo
452 1441 488 1494 de
500 1459 589 1495 sunere
600 1442 683 1510 piseis
695 1442 788 1496 Hiberi
798 1458 806 1512 ;

159 1512 228 1565 Vino
240 1512 413 1581 quinquenni,
427 1527 520 1564 rerum
533 1511 601 1566 eitra
613 1528 686 1564 mare
699 1521 769 1578 nato,

161 1583 233 1635 Dum
245 1581 365 1650 coquitur
370 1597 378 1648 3
396 1589 473 1632 coeto
484 1581 583 1634 Chium
595 1582 635 1634 sie
646 1581 779 1649 convenit,
793 1589 889 1636 utnon

68 1702 70 1705 .
160 1652 218 1704 Hoe
230 1651 318 1718 magis
330 1650 415 1703 allum
427 1649 509 1718 aliud,
523 1651 614 1720 pipere
627 1649 688 1702 albo
701 1666 752 1702 non
765 1650 823 1703 eine
835 1659 924 1722 aoeto,

162 1720 239 1778 Quod
251 1719 479 1788 Methymnaeam
490 1719 554 1772 vitio
568 1719 712 1772 mutaverit
725 1735 816 1772 uvam.
1024 1725 1061 1774 50
1120 1709 1122 1768 l

162 1790 264 1844 Erucae
276 1789 384 1860 virides,
398 1788 487 1842 inulas
498 1805 549 1856 ego
560 1788 664 1858 primus
675 1804 782 1842 amaras

160 1857 309 1912 Monstravi
322 1859 482 1926 incoquere,
501 1857 591 1910 illatos
603 1857 727 1910 Curtillus
739 1857 857 1926 echinos,

161 1929 197 1982 Ut
210 1927 308 1981 melius
319 1928 414 1996 muria,
428 1926 498 1996 quod
511 1935 582 1980 testa
594 1926 697 1980 marina
710 1927 849 1981 remittit.⁷'

160 1998 266 2052 Interea
278 2013 409 2066 suspensa
419 2013 516 2065 graves
527 1995 624 2050 aulaea
636 1996 724 2048 ruinas

162 2067 192 2121 ln
205 2068 324 2137 patinam
335 2066 435 2137 fecere,
449 2064 581 2118 trahentia
593 2065 710 2134 pulveris
721 2064 779 2134 atri,
1022 2071 1058 2120 55

162 2137 299 2195 Quantum
310 2152 364 2188 non
375 2135 472 2205 Aquilo
485 2135 630 2204 Campanis
642 2135 741 2188 excitat
753 2133 832 2202 agria.
868 2132 871 2140 ⁴

162 2207 218 2259 Nos
229 2205 319 2273 majus
329 2206 416 2273 veriti,
430 2213 572 2274 postquam
584 2202 652 2260 nihil
664 2219 724 2256 esse
737 2203 832 2272 pericli

161 2275 307 2341 Sensimus,
320 2274 463 2342 erigimur,
480 2273 567 2327 Rufus
578 2274 663 2344 posito
675 2273 772 2343 capite,
785 2282 813 2324 ut
826 2273 848 2325 si

127 2455 158 2489 ve
196 2438 308 2486 different
318 2438 379 2486 from
391 2439 433 2487 the
444 2441 645 2504 ordinem-30.
658 2442 788 2504 ingustata
795 2461 806 2500 ‚-
819 2445 872 2492 that
884 2446 914 2501 is,
928 2448 993 2494 euch
1003 2463 1031 2494 aa
1042 2445 1058 2495 1

128 2499 144 2548 b
186 2512 260 2546 never
270 2497 350 2545 tested
362 2498 532 2549 before-31.
544 2502 666 2550 Minorem
676 2505 709 2550 ad
717 2505 798 2552 lunam
808 2507 905 2559 delecta,
921 2505 1058 2565 ‘gethered

128 2568 153 2627 at
164 2557 207 2604 the
217 2571 286 2604 waue
297 2557 326 2604 oi
337 2557 379 2605 the
395 2561 484 2607 moon·
494 2565 570 2609 -34,
587 2561 707 2610 Dammae
718 2565 895 2611 :vehementer
902 2580 913 2620 ‚·
928 2565 1055 2624 properly,

69 2639 75 2646 ·
128 2633 154 2664 m
164 2616 314 2722 suchawap
324 2620 474 2685 utldumnu'm
484 2622 572 2682 hospiti
587 2622 726 2680 niteremur.
758 2622 1058 2672 Moriemurirrulta'iaan

128 2690 271 2733 expreasron
281 2691 296 2721 ο
321 2691 375 2734 epte
385 2689 480 2737 poetry,
493 2679 551 2726 here
559 2677 680 2740 jocularly
689 2681 749 2729 used
761 2681 786 2728 in
798 2681 922 2729 reference
933 2691 959 2729 to
969 2681 1055 2730 drink-

128 2733 1057 2863 itinnpitttttltttlttltltttnltlllllttt‘tttlz

128 2866 233 2910 eparmg.
266 2851 314 2898 See
328 2851 376 2918 l'me
386 2856 423 2901 to.
432 2858 508 2902 -89.
524 2857 633 2916 Allisam'
643 2870 708 2924 were
725 2873 740 2905 a
755 2857 814 2904 lrind
824 2857 853 2905 ol
864 2857 931 2917 large
943 2873 1014 2916 cupa,
1027 2874 1057 2906 so

128 2909 206 2958 called
218 2909 278 2957 from
288 2909 388 2980 Allifae,
402 2921 493 2981 atown
503 2913 532 2961 os
544 2914 585 2962 the
598 2915 730 2984 Samnites,
741 2917 823 2964 where
834 2916 893 2976 they
903 2931 967 2964 were
981 2917 1056 2964 much

127 2968 528 3086 trttzlnfl'tttbttl‘n
558 2973 615 3046 nn
633 2984 796 3081 t⁰lt¹¹ltl⁸
815 2975 1056 3082 ‘lltffibnffl

128 3047 678 3196 rrrnnrannnillo
694 3039 1057 3200 tasfitnrprgnhn
1120 3111 1122 3146 ’

129 3201 258 3306 ῑηεριῑηὼ
279 3162 995 3280 wananaintribioiinoiiffiiiiiiii'inriaiaiii
1007 3169 1057 3260 iii

128 3263 1057 3418 {retardantetlttlltntlttdltlrttttstlltl:

162 3375 900 3492 .mauron'diminuerent‘
913 3387 1060 3494 tort
1111 3409 1117 3429 ·

131 3484 208 3532 round
217 3485 261 3531 the
271 3486 346 3542 table,
356 3499 383 3536 to
393 3492 457 3551 keep
466 3494 505 3541 off
515 3495 558 3542 the
569 3496 625 3544 duat
636 3498 664 3544 ot
676 3499 717 3547 the
733 3460 801 3550 rouii¹
826 3457 1058 3565 ltiioiir,n·iri›reritlibi!¹
